@string{proc-iptps = "Proc. of {IPTPS}"}

@InProceedings{gummadi-geometry,
    title = "The Impact of {DHT} Routing Geometry on Resilience and Proximity", 
    author = "K. Gummadi and R. Gummadi and S. Gribble and S. Ratnasamy and S. Shenker and I. Stoica",
    booktitle =    {Proceedings of SIGCOMM},
    month = "August",
    year =  "2003",
    organization = {ACM}
}

@Article{tapestry_jsac,
  author = 	 {Ben Y. Zhao and Ling Huang and Jeremy Stribling and Sean C. Rhea and Anthony D Joseph and John D. Kubiatowicz},
  title = 	 {Tapestry: A Global-scale Overlay for Rapid Service Deployment},
  journal = 	 ieee-sac,
  year = 	 {2003},
  month =        {November},
  note = 	 {Special Issue on Service Overlay Networks, to appear.}
}

@InProceedings{rrk-iptps03,
  author =       "S. Rhea and T. Roscoe and J. Kubiatowicz",
  title =        "{DHTs} Need Application-Driven Benchmarks",
  booktitle =    proc-iptps,
  year =         "2003"
}

@InProceedings{Chord,
  author =       {I. Stoica and R. Morris and D. Karger and M.
F. Kaashoek and H. Balakrishnan},
  title =        {Chord: A scalable peer-to-peer lookup service for
Internet applications},
  booktitle =    {Proceedings of SIGCOMM},
  year =         {2001},
  month =        {August},
  organization = {ACM}
}

@InProceedings{Kademlia,
    author =       {Petar Maymounkov and David Mazieres},
    title =        {Kademlia: A Peer-to-peer Information System Based on
	the {XOR} Metric},
    booktitle =    proc-iptps,
    year =         {2002}
}

@Misc{appweb,
   title  = "{The PlanetLab All-Pairs-Pings Project}",
   note   = "http://pdos.lcs.mit.edu/$\sim$strib/pl\_app/"
}
