%% standard conference names
@string{SOSP = {Proc. of the ACM Symposium on Operating System Principles}}
@string{OSDI = {Proc. of the USENIX Symposium on Operating Systems Design and Implementation}}
@string{USENIX = {USENIX Technical Conference}}
