
@mastersthesis{tina,
  author = {Tina Tyan},
  title = {A Case Study of Server Selection},
  year = {2001},
  school = {MIT},
  month = sep,
  xnote = {Available at the MIT Library, {\tt http://thesis.mit.edu}}
  }


@inproceedings{ron:sosp,
  author = "David Andersen and Hari Balakrishnan and M. Frans Kaashoek and Robert Morris",
  title = "Resilient Overlay Networks",
booktitle={Proceedings of the 18th {ACM} {S}ymposium on {O}perating
     {S}ystems {P}rinciples},
year = {2001},
month = oct,
}

@book{oram:p2p,
  key       = {Oram},
  title =    {Peer-to-Peer: Harnessing the Power of Disruptive Computation},
  year =         2001,
  editor =       {Andy Oram},
  publisher =    {O'{R}eilly \& {A}ssociates},
}


@InProceedings{merkle:sig-conventional,
  author =       {Ralph C. Merkle},
  title =        {A Digital Signature Based on a Conventional
                  Encryption Function},
  booktitle =    {Advances in Cryptology---CRYPTO '87},
  pages =        {369--378},
  year =         1987,
  editor =       {Carl Pomerance},
  volume =       293,
  series =       {Lecture Notes in Computer Science},
  address =      {Berlin},
  publisher =    {Springer-Verlag}
}

@inproceedings{pastry01,
  title = "Pastry: Scalable, distributed object location and routing for large-scale peer-to-peer systems",
  author = "Antony Rowstron and Peter Druschel",
  booktitle = "Proceedings of the 18th IFIP/ACM International Conference on Distributed Systems Platforms (Middleware 2001)",
  location = "Heidelberg",
  year = 2001,
  month = nov
}

@TechReport{tapestry:tech,
  author = 	 {Ben Zhao and John Kubiatowicz and Anthony Joseph},
  title = 	 {Tapestry: An Infrastructure for Fault-tolerant Wide-area Location and Routing},
  institution =  {Computer Science Division, U. C. Berkeley},
  year = 	 2001,
  number =	 {UCB/CSD-01-1141},
  month =	 apr
}
@TechReport{measure:tech,
author = {Stefan Saroiu and P. Krishna Gummadi and Steven D. Gribble}, 
title = {A Measurement Study of Peer-to-Peer File Sharing Systems},
institution = {University of Washington},
year = 2001,
number = {UW-CSE-01-06-02},
month = jun,
}

@inproceedings{ufs:usenix,
     title = {A Toolkit for User-Level File Systems},
     author = {David Mazi{\`e}res},
  booktitle = "Proc. Usenix Technical Conference",
     pages = "261--274",
     year = {2001},
     month = jun,
     location = {Boston, Massachusetts},
}

@inproceedings{past:sosp,
  author = "Antony Rowstron and Peter Druschel",
  title = "Storage management and caching in {PAST}, a large-scale, persistent peer-to-peer storage utility",
booktitle={Proceedings of the 18th {ACM} {S}ymposium on {O}perating
     {S}ystems {P}rinciples},
year = {2001},
month = oct,
}

@inproceedings{chord:sigcomm,
	author="Ion Stoica and Robert Morris and David Karger and M. Frans Kaashoek and Hari Balakrishnan",
	title="Chord: A Scalable Peer-to-peer Lookup Service for Internet Applications",
        booktitle = "{Proc. ACM SIGCOMM}",
        address = "San Diego",
	year=2001
}

@inproceedings{can:sigcomm,
	author="S. Ratnasamy and P. Francis and M. Handley and R. Karp and S. Shenker",
	title="A Scalable Content-Addressable Network",
        booktitle = "{Proc. ACM SIGCOMM}",
        address = "San Diego",
	year=2001
}

@article{chaum81,
   author = {David Chaum},
   title = "Untraceable electronic mail, return addresses, and digital pseudonyms",
   journal = "Communications of the {ACM}",
   volume = 24,
   number = 2,
   year = 1981,
   month = feb,
   pages = "84-88"
}

@article{crowds97,
   author = {Michael Reiter and Aviel Rubin},
   title = "Crowds: Anonymity for Web Transactions",
   journal = "{ACM} Transactions on Information and System Security",
   volume = 1,
   number = 1,
   year = 1998,
   month = nov,
   pages = "66--92"
}

@mastersthesis{Lewin:Thesis,
  author = {Daniel Lewin},
  title = {Consistent Hashing and Random Trees: Algorithms for Caching
                  in Distributed Networks},
  year = {1998},
  school = {MIT},
  xnote = {Available at the MIT Library, {\tt http://thesis.mit.edu}}
  }

@inproceedings{dns,
	author="P. Mockapetris and K. Dunlap",
	title="{Development of the Domain Name System}",
        booktitle = "{Proc. ACM SIGCOMM}",
        address = "{Stanford, CA}",
	year=1988
}
@inproceedings{dnscache:sigcommimw01,
   title = {DNS Performance and the Effectiveness of Caching},
   author = {Jaeyeon Jung and Emil Sit and Hari Balakrishnan and Robert Morris},
   booktitle = {Proceedings of the {ACM} {SIGCOMM} Internet Measurement Workshop
 '01},
   year = {2001},
   month = {November},
   address = {San Francisco, California},
 }
@inproceedings{dnsroot:sigcomm92,
   title="An Analysis of Wide-Area Name Server Traffic: A Study of the Internet Domain Name System",
   author = "P. Danzig and K. Obraczka and A. Kumar",
   booktitle = "Proc ACM SIGCOMM",
   address = "Baltimore, MD",
   month = aug,
   year = 1992,
   pages = "281-292"
}
@inproceedings{cfs:sosp01,
   title = {Wide-area cooperative storage with {CFS}},
   author = {Frank Dabek and M. Frans Kaashoek and David Karger and Robert Morris
 and Ion Stoica},
   booktitle = {Proceedings of the 18th {ACM} {S}ymposium on {O}perating
 {S}ystems {P}rinciples ({SOSP} '01)},
   year = {2001},
   month = {October},
   address = {Chateau Lake Louise, Banff, Canada},
   pages = {},
 }
@misc{digisle,
  key = "Digisle",
  title = "{Digital Island, Inc.}",
  howpublished = {http://www.digitalisland.com/},
  year = 2001,
}

@Article{Karger:ImpWeb-Journal,
  author =       "Alex Sherman and David Karger and Andy Berkheimer and
                 Bill Bogstad and Rizwan Dhanidina and Ken Iwamoto and
                 Brian Kim and Luke Matkins and Yoav Yerushalmi",
  title =        "{Web} caching with consistent hashing",
  journal =      "Computer Networks",
  volume =       "31",
  number =       "11--16",
  studentwork = {\asteriskit{\labelwidth} } # " ",
  pages =        "1203--1213",
  day =          "17",
  month =        may,
  year =         "1999",
  coden =        "????",
  ISSN =         "1389-1286",
  address =      {Amsterdam, Netherlands},
  bibdate =      "Fri Sep 24 19:43:29 MDT 1999",
  xnote =          {\url{http://www.elsevier.com/cas/tree/store/comnet/sub/1999/31/11-16/2181.pdf}},
  acknowledgement = ack-nhfb,
}

@misc{can:private,
  author = "S. Ratnasamy and P. Francis and M. Handley 
   and P. Karp and S. Shenker",
  title = "{A Scalable Content-Addressable Network}",
  howpublished = {unpublished manuscript},
  year=2001,
  month=Jan,
}

@misc{tapestry:private,
  author = "B. Zhao and J. Kubiatowicz and A. Joseph",
  title = "{Tapestry: {A}n Infrastructure for Wide-area
     Fault-tolerant Location and Routing}",
  howpublished = {unpublished manuscript},
  year=2001,
  month=Jan,
}


@misc{druschel:private,
  author = "P. Druschel",
  howpublished = {Private communication},
  year=2001,
  month=Jan,
}


@misc{cisco:cdn,
  key = "CiscoCDN",
  title = "{Cisco's CDN Approach}",
  howpublished = {http://www.bcr.com/bcrmag/2000/10/p16s1.asp},
  month = {October},
  year = 2000,
}

@Misc{dns-srv:rfc,
  author = "A. Gulbrandsen and P. Vixie and L. Esibov",
  title =        {A DNS RR for specifying the location of services (DNS SRV)},
  howpublished = {RFC 2782},
  year = 2000,
  month = feb,
}

@Misc{dns-concept:rfc,
  author = "P. Mockapetris",
  title = {Domain Names - Concepts and Facilities},
  howpublished = {RFC 1034},
  year = 1987,
  month = nov
}

@Misc{dns-impl:rfc,
  author = "P. Mockapetris",
  title = {Domain Names - Implementation and Specification},
  howpublished = {RFC 1035},
  year = 1987,
  month = nov
}

@Misc{dnssec:rfc,
  author = "D. Eastlake",
  title = {Domain Name System Security Extensions},
  howpublished = {RFC 2535},
  year = 1999,
  month = mar
}

@Misc{dns-cla:rfc,
  author="R. Elz",
  title = {Clarifications to the DNS Specification},
  howpublished = {RFC 2181},
  year = 1997,
  month = jul
}

@Misc{dns-load:rfc,
  author="T. Brisco",
  title = {{DNS} Support for Load Balancing},
  howpublished = {RFC 1794},
  year = 1995,
  month = apr
}

@Misc{isc-root,
  key = "F.root-servers.net",
  title = "F.root-servers.net, {Internet Software Consortium}",
  howpublished = "http://www.isc.org/services/public/F-root-server.html",
}

@Misc{cert,
  key = "CERT",
  title = {{CERT} {C}oordination {C}enter},
  howpublished = "http://www.cert.org"
}

@book{dns-bind,
  author = {Paul Albitz and Cricket Liu},
  title =    {DNS and BIND},
  year =         1998,
  publisher =    {O'{R}eilly \& {A}ssociates}
}

@Misc{akamai,
  key = "Akamai",
  title =        {{Akamai} {Technologies}, {Inc.}},
  howpublished = {http://www.akamai.com/},
  year = 2001,
  address = "Cambridge, MA",
  note = "Cambridge, MA"
}

@Misc{akamai.rev.eng,
  author = "R. Mahajan",
  title = "How {Akamai} works.",
  howpublished = "http://www.cs.washington.edu/homes/ratul/akamai.html",
}

@InProceedings{PUB00,
  author =       {Marc Waldman and Aviel Rubin and Lorrie Faith Cranor},
  title =        {Publius: A robust, tamper-evident, censorship-resistant,
                 web publishing system },
  booktitle =    {Proc. 9th USENIX Security Symposium},
  pages =        {59--72},
  year =         2000,
  month =        {August},
}
@inproceedings{grid:mobicom2000,
     title = {A Scalable Location Service for Geographic Ad Hoc Routing},
     author = {Jinyang Li and John Jannotti and Douglas De Couto and David Karger and Robert Morris},
     booktitle = {Proceedings of the 6th Annual International Conference on {Mob}ile {Com}puting and Networking ({MobiCom} 2000)},
     year = {2000},
     month = {August},
     address = {Boston, Massachusetts},
     pages = {},

}

@inproceedings{aves:usenix2000,
     title = {A Waypoint Service Approach to Connect
     Heterogeneous Internet Address Spaces},
     author = {T. S. Eugenen Ng and Ion Stoica and Hui Zhang},
  booktitle = "Proc. Usenix Technical Conference",
     pages = "319--332",
     year = {2001},
     month = {June},
     location = {Boston, Massachusetts},
}

@inproceedings{plaxton:spaa,
     title = {Accessing nearby copies of replicated objects in a distributed environment},
     author = {C. Plaxton and R. Rajaraman and A. Richa},
     booktitle = {Proceedings of the ACM SPAA},
     year = {1997},
     month = {June},
     location = {Newport, Rhode Island},
     pages = {311-320},
}

@InProceedings{oceanstore:asplos2000,
  author = {John Kubiatowicz and David Bindel and Yan Chen and Steven Czerwinski and Patrick Eaton and Dennis Geels and Ramakrishna Gummadi and Sean Rhea and Hakim Weatherspoon and Westley Weimer and Chris Wells and Ben Zhao},
  title = {OceanStore: An architecture for global-scale persistent storage},
  booktitle = {Proceeedings of the Ninth international Conference on Architectural Support for Programming Languages and Operating Systems (ASPLOS)},
  pages = "190--201",
  location = {Boston, MA},
  year = {2000},
  month = {November},
}

@inproceedings{sfsro:osdi2000,
     title = {{F}ast and secure distributed read-only file system},
     author = {Kevin Fu and M. Frans Kaashoek and David Mazi{\`e}res},
     booktitle = {Proceedings of the 4th {USENIX} {S}ymposium on {O}perating {S}ystems {D}esign and {I}mplementation ({OSDI})},
     pages = "181--196",
     year = {2000},
     month = {October},
     location = {San Diego},
}

@inproceedings{Floyd-93,
    author = {S. Floyd and V. Jacobson},
    title = "The Synchronization of Periodic Routing Messages",
    booktitle = {Proceedings of {ACM} {SIGCOMM'93}},
    address = {San Francisco, CA},
    pages = "33-44",
    month = sep,
    year = 1993,
}


@inproceedings{sfs:sosp99,
     title = {{S}eparating key management from file system security},
     author = {David Mazi{\`e}res and Michael Kaminsky and M. Frans Kaashoek and Emmett Witchel},
     booktitle = {Proceedings of the 17th {ACM} {S}ymposium on {O}perating
     {S}ystems {P}rinciples ({SOSP})},
     year = {1999},
     month = dec,
     location = {Kiawah Island, South Carolina},
     xnote = {{\tt http://www.fs.net}},
     pages = "124--139",
}

@MastersThesis{freenet:thesis, author = {Ian Clarke}, title = {A
    Distributed Decentralised Information Storage and Retrieval
    System}, school = {University of Edinburgh}, year = {1999}, }

@inproceedings{freehaven:wdiau00,
author={Roger Dingledine and Michael Freedman and David Molnar},
title={The {Free} {Haven} Project: Distributed Anonymous Storage Service},
booktitle={Proceedings of the Workshop on Design Issues in Anonymity and Unobservability},
pages = "67--95",
year = {2000},
month = {July},
}

@inproceedings{xFS:SOSP,
author =       "Thomas Anderson and Michael Dahlin and Jeanna Neefe
                  and David Pat-terson and Drew Roselli and Randolph
                  Wang",
title={Serverless Network file systems},
booktitle={Proceedings of the 15th {ACM} {S}ymposium on {O}perating
     {S}ystems {P}rinciples},
year = {1995},
pages =        "109--126",
month = {December},
}

@inproceedings{porcupine:sosp99,
     title = {Manageability, availability, and performance in Porcupine: a highly scalable, cluster-based mail service},
     author = {Yasushi Saito and Brian Bershad and Henry Levy},
     booktitle = {Proceedings of the 17th {ACM} {S}ymposium on {O}perating
     {S}ystems {P}rinciples ({SOSP} '99)},
     year = {1999},
     month = {December},
     address = {Kiawah Island, South Carolina},
     pages = {},
}

@inproceedings{freenet:workshop,
   title = "Freenet: A Distributed Anonymous Information Storage and Retrieval System",
author = {Ian Clarke and Oscar Sandberg and Brandon Wiley and Theodore Hong},
booktitle = {Proceedings of the Workshop on Design Issues in Anonymity and Unobservability},
pages = "46--66",
year = {2000},
month = {July},
location = {Berkeley, California}
}


@misc{plan9,
    author = "R. Pike and D. Presotto and K. Thompson and H. Trickey",
    title = "Plan 9 from Bell Labs",
    text = "R. Pike, D. Presotto, K. Thompson & H. Trickey (1990) Plan 9 from Bell
      Labs, Proc. of the Summer 1990 UKUUG Conf., London, July 1990, pp. 1-9.",
    year = "1990"
}

@inproceedings{dds:osdi2000,
title={Scalable, Distributed Data Structures for Internet Service Construction},
author={Steven Gribble and Eric Brewer and Joseph Hellerstein and David Culler},
booktitle = {Proceedings of the 4th {USENIX} {S}ymposium on {O}perating {S}ystems {D}esign and {I}mplementation ({OSDI} 2000)},
year={2000},
month={October},
}
@inproceedings{karger:chash,
    author = "D. Karger and E. Lehman and T. Leighton and M. Levine and D. Lewin and
      R. Panigrahy",
    title = "Consistent hashing and random trees: Distributed caching protocols for
      relieving hot spots on the World Wide Web",
      booktitle = {Proceedings of the 29th Annual ACM Symposium on Theory of Computing},
      pages = {654--663},
      month = {May},
    year = "1997"
}
@book{rand-alg-book,
        author = {Rajeev Motwani and Prabhakar Raghavan},
	title = {Randomized Algorithms},
	publisher = {Cambridge University Press}, 
	address = {New York, NY},
	year = {1995}}

@inproceedings{grid:mobicom00,
                     title = {A Scalable Location Service for Geographic Ad Hoc Routing},
                     author = {Jinyang Li and John Jannotti and Douglas S. J. De Couto and David Karger and Robert Morris},
                     booktitle = {Proceedings of the 6th {ACM} International Conference on Mobile
                   Computing and Networking ({MobiCom} '00)},
                     year = {2000},
                     month = {August},
                     address = {Boston, Massachusetts},
                     pages = {120--130},
                   }

@misc{gnutella:web,
key = "Gnutella",
title="Gnutella website",
note="http://gnutella.wego.com",
}

@misc{mojonation:web,
key = "Mojo Nation",
title="Mojo Nation Documentation",
note="http://www.mojonation.net/docs/",
}

@misc{napster:web,
key = "Napster",
title="Napster",
note="http://www.napster.com",
}

@misc{ohaha:web,
key = "Ohaha",
title="Ohaha",
note={\url{http://www.ohaha.com/design.html}, as of June 17, 2001, the Ohaha application is no longer available.}
}

@inproceedings{zebra:SOSP,
title={The Zebra striped network file system},
author={John Hartman and John Ousterhout},
booktitle = {Proceedings of the fourteenth ACM symposium on Operating systems principles},
year={1993},
month={December},
}

@inproceedings{ins,
  author = "{W. Adjie-Winoto and E. Schwartz and H. Balakrishnan and J. Lilley}",
  title = "{The design and implementation of an intentional naming system}",
  booktitle = "{Proc. ACM Symposium on Operating Systems Principles}",
  year = 1999,
  month = Dec,
  pages = {186--201},
  address = "{Kiawah Island, SC}",
}

@misc{jini,
        key = "Jini",
        title = "{Jini (TM)}",
        howpublished = {http://java.sun.com/products/jini/},
        year = 2000,
}

@misc{upnp,
	key = "upnp",
	title = "{Universal Plug and Play: Background}",
	year = 2000,
	howpublished = {http://www.upnp.com/resources/UPnPbkgnd.htm},
}

@manual{slp,
        author = "J. Veizades and E. Guttman and C. Perkins and S. Kaplan",
        title = "{Service Location Protocol}",
        note = {RFC 2165 (http://www.ietf.org/rfc/rfc2165.txt)},
        year = {1997},
        month = Jun,
}

@TechReport{RFC:1832,
  author = 	 {R. Srinivasan},
  title = 	 {{XDR}: External Data Representation Standard},
  institution =  {Network Working Group},
  year = 	 1995,
  type =	 {RFC},
  number =	 1832,
  month =	 {August}
}

@InProceedings{hotos,
  author =       "Frank Dabek and Emma Brunskill and M. Frans Kaashoek and David Karger and Robert Morris and Ion Stoica and Hari Balakrishnan",
  title =        {Building Peer-to-Peer Systems With {Chord}, a Distributed Location Service},
  booktitle =    "Proceedings of the 8th IEEE Workshop on Hot Topics in Operating Systems (HotOS-VIII)",
  pages = "71--76",
  year =         2001,
  month =        may,
  address = "{Elmau/Oberbayern, Germany}",
}

@InProceedings{CEGGSY98,
  author =       {Yuan Chen and Jan Edler and Andrew Goldberg and Allan Gottlieb
                  and Sumeet Sobti and Peter Yianilos},
  title =        {A Prototype Implementation of Archival Intermemory},
  booktitle =    {Proceedings of the fourth ACM Conference on
                        Digital libraries (DL '99)},
  year =         1999
}

@inproceedings{globe:freenix,
  author = {A. Bakker and  E. Amade and G. Ballintijn and I. Kuz and P. Verkaik and I. van der Wijk and M. van Steen and A. S. Tanenbaum.},
  title = "The Globe Distribution Network",
  booktitle = "Proc. 2000 USENIX Annual Conf. (FREENIX Track)",
  address = {San Diego},
  month = {June},
  pages = "141--152", 
  year = 2000
}

@article{globe:computer,
   author = {M. van Steen and F. J. Hauck and G. Ballintijn and A. S. Tanenbaum},
   title = "Algorithmic Design of the Globe Wide-Area Location Service",
   journal = "The Computer Journal",
   volume = 41,
   number = 5,
   pages = "297-310",
   year = 1998,
}

@article{ida:jacm,
   author = {M. Rabin},
   title = "Efficient dispersal of information for security, load balancing, and fault tolerance",
   journal = "Journal of the {ACM}",
   volume = 36,
   number = 2,
   pages = "335-348",
   year = 1989,
}

@TechReport{chord:tr,
  author = 	 {Ion Stoica and Robert Morris and David Karger and M. Frans Kaashoek and Hari Balakrishnan},
  title = 	 {Chord: A scalable peer-to-peer lookup service for Internet applications},
  institution =  {MIT},
  address =      {Cambridge, MA},
  year = 	 2001,
  number =	 "TR-819",
  month =	 {March},
  xnote  =        {\url{http://pdos.lcs.mit.edu/chord}},
}


@InProceedings{harvest,
  author = {Anawat Chankhunthod and  Peter Danzig and  Chuck Neerdaels and 
            Michael Schwartz and Kurt Worrell},
  title = "A Hierarchical {I}nternet Object Cache",
  booktitle = "Proc. Usenix Technical Conference",
  pages = "153--163",
  location = "San Diego",
  month = jan,
  year    = "1996"
  }

@InProceedings{crispy,
  author = {Syam Gadde and Jeff Chase and Michael Rabinovich},
  title = "A Taste of Crispy Squid",
  booktitle = "Workshop on Internet Server Performance",
  month = jun,
  year    = "1998",
  pages = "129--136",
xnote = {http://www.cs.duke.edu/ari/cisi/crisp/}
 
}

@unpublished{microsoft,
key = {Microsoft},
title = {Microsoft Proxy Server},
year = 1998,
note={White paper. http://www.microsoft.com/proxy/guide/CarpWP.asp}
}

@MASTERSTHESIS{danny,
   author = "Daniel Lewin",
   title = "Consistent Hashing and Random Trees: Algorithms for Caching in Distributed Networks",
   school = "Massachusetts Institute of Technology",
   type = "Master's project",
   address = "Department of Computer Science and Electrical Engineering",
   month = may,
   year = 1998,
}

@MASTERSTHESIS{rina,
   author = "Rina Panigrahy",
   title = "Relieving Hot Spots on the World Wide Web",
   school = "Massachusetts Institute of Technology",
   type = "Master's project",
   address = "Department of Computer Science and Electrical Engineering",
   month = june,
   year = 1997,
}

@InProceedings{malpani,
  author = {Radhika Malpani and Jacob Lorch and David Berger},
  title = {Making World Wide Web Caching Servers Cooperate},
  booktitle = {Fourth International World Wide Web Conference},
  pages = {107--110},
  year = 1995
}


@InProceedings{surge,
  author = {Paul Barford and Mark Crovella},
  title = "Generating Representative Web Workloads for Network and Server
          Performance Evaluation",
  booktitle = "Sigmetrics",
  year    = "1997"
 
}


@MISC{icp1,
   key = "Misc",
   note = "D. Wessels and K. Claffy. Internet Cache Protocol (ICP) version 2. RFC 2186. National Laboratory for Applied Network Research/UCSD. September 1997. http://squid.bilkent.edu.tr/rfc2186.txt",
}

@MISC{icp2,
   key = "Misc2",
   note = "D. Wessels and K. Claffy. Application of Internet Cache Protocol (ICP) version 2. RFC 2187. National Laboratory for Applied Network Research/UCSD. September 1997. http://squid.bilkent.edu.tr/rfc2187.txt",
}

@unpublished{naivehash,
author  = {J. Cohen and N. Phadnis and V. Valloppillil and
                  K. Ross},
title = {Cache Array Routing Protocol v 1.0},
note =
                  {http://www.ietf.org/internet-drafts/draft-vinod-carp-v1-03.txt},
month = sep,
year = 1997}


@techreport{bloomfilter,
author = {L. Fan and P. Cao and J. Almeida and A. Broder},
title = {Summary Cache: a Scalable Wide-Area Web-cache Sharing
                  Protocol},
number = {1361},
institution = {Computer Science Department, University of Wisconsin},
address = {Madison},
month = feb,
year = 1998}


@unpublished{neighborhoodcache,
author = {Michale Rabinovich and Jeff Chase and Syam Gadde},
title = {Not All hits are Created Equal: Cooperative Proxy Caching
                  Over a Wide-Area Network},
year = 1998,
note = {http://www.cs.duke.edu/ari/cisi/crisp/neighbors.ps.  Presented
                  at the Third International WWW Caching Workshop},
address = {manchester, England}}

@InProceedings{mor,
  author = {Mor Harchol-Balter and Mark Crovella and Cristina Murta},
  title =  "Task Assignment in a Distributed Server",
  booktitle = "10th International Conference on Modeling
Techniques and Tools for Computer Performance Evaluation, Lecture Notes in Computer Science, No. 1469",
  year = "September 1998", 
}

@technreport{cooperate,
author = {Ph.Yu and E. A. MaxNair},
title = {Performance Study of a Collaborative Method for Hierarchical
                  Caching in Proxy Servers},
number = {RC 21026},
institution = {IBM T. J. Watson Research Center},
onth = nov,
year = 1997}
